@misc{gov,
  title = {NYC Taxi Data},
  note = {\url{http://www.nyc.gov/html/tlc/html/about/trip_record_data.shtml}}
}
@misc{yahoo,
  title = {DJIA History Data},
  note = {\url{https://finance.yahoo.com/quote/%5EDJI/history?p=%5EDJI}}
}
@misc{harvard,
	title = {Harvard Taxi Data},
	note = {\url{http://sdaulton.github.io/TaxiPrediction/}}
}
@misc{221,
	title = {Predicting Taxi Pickup},
	note = {\url{https://web.stanford.edu/class/cs221/restricted/projects/vhchoksi/final.pdf}}
}