@article{factbook,
    author  = "NYC Taxi & Limousine Commission",
    title   = "2014 Taxicab Fact Book",
    year    = {2014},
    howpublished = "\url{http://www.nyc.gov/html/tlc/downloads/pdf/2014_taxicab_fact_book.pdf}"
}
@article{cw,
    author  = "Chris Wong",
    title   = "A Day in the Life, a Data Visualization of a Single NYC Taxi over 24 Hours",
    year    = "2015",
    howpublished = "\url{https://github.com/chriswhong/nyctaxi}"
}

@article{harvard,
  author    = {Samuel Daulton, Sethu Raman and Tijl Kindt},
  title     = {NYC Taxi Data Prediction},
  year      = {2015},
  howpublished = "\url{http://sdaulton.github.io/TaxiPrediction}"
}

@article{tipsy,
  author = {lucianoiscool},
  title = {Tipsy Taxi},
  year = {2014},
  howpublished = "\url{http://lucianoiscool.github.io/Tipsy-taxi}"
}

@article{li,
    author  = "Bin Li and Daqing Zhang and Lin Sun and Chao Chen and Shijian Li and Guande Qi and Qiang Yang",
    title   = "Hunting or Waiting? Discovering Passenger-Finding Strategies from a Large-Scale Real-World Taxi Dataset",
    year    = "2011",
    journal = {IEEE Xplore 10.1109/PERCOMW.2011.5766967}
}

@article{tang,
    author  = "Haochen Tang and Michael Kerber and Qixing Huang and Leonidas Guibas",
    title   = "Locating Lucrative Passengers for Taxicab Drivers",
    year    = "2013",
    journal = {ACM SIGSPATIAL 10.1145/2525314.2525471}
}

@article{yuan,
    author = {Jing Yuan and Yu Zheng and Liuhang Zhang and Xing Xie and Guangzhong Sun},
    title  = "Where to Find My Next Passenger?",
    year = {2011},
    journal = {UbiComp 10.1145/2030112.2030128}
}

@article{tlc,
    author = {NYC Taxi & Limousine Commission},
    howpublished = "\url{http://www.nyc.gov/html/tlc/html/about/trip_record_data.shtml}"
}

@article{rec, 
    author = {NYC Taxi & Limousine Commission},
    title = {Data Dictionary - Yellow Taxi Trip Records},
    year = "2015",
    howpublished = "\url{http://www.nyc.gov/html/tlc/downloads/pdf/data_dictionary_trip_records_yellow.pdf}"
}


